@inproceedings{Rupp2010,
  title={ViennaCL-a high level linear algebra library for GPUs and multi-core CPUs},
  author={Rupp, Karl and Rudolf, Florian and Weinbub, Josef},
  booktitle={Intl. Workshop on GPUs and Scientific Applications},
  pages={51--56},
  year={2010}
}


@book{Golub2012,
  title={Matrix computations},
  author={Golub, Gene H and Van Loan, Charles F},
  volume={3},
  year={2012},
  publisher={JHU Press}
}

@article{Breiman2001,
  title={Random forests},
  author={Breiman, Leo},
  journal={JMLR},
  volume={45},
  number={1},
  pages={5--32},
  year={2001}
}

@article{Dean2008,
  title={MapReduce: simplified data processing on large clusters},
  author={Dean, Jeffrey and Ghemawat, Sanjay},
  journal={Communications of the ACM},
  volume={51},
  number={1},
  pages={107--113},
  year={2008}
}

@inproceedings{Ghemawat2003,
  title={The Google File System},
  author={Ghemawat, Sanjay and Gobioff, Howard and Leung, Shun-Tak},
  booktitle={SOSP},
  year={2003}
}


@article{Hu2008,
  title={Collaborative filtering for implicit feedback datasets},
  author={Hu, Yifan and Koren, Yehuda and Volinsky, Chris},
  journal={ICDM},
  pages={263--272},
  year={2008}
}

@article{Blei2003,
  title={Latent dirichlet allocation},
  author={Blei, David M and Ng, Andrew Y and Jordan, Michael I},
  journal={JMLR},
  volume={3},
  number={Jan},
  pages={993--1022},
  year={2003}
}

@article{Deerwester1990,
  title={Indexing by latent semantic analysis},
  author={Deerwester, Scott and Dumais, Susan T and Furnas, George W and Landauer, Thomas K and Harshman, Richard},
  journal={Journal of the American society for information science},
  volume={41},
  number={6},
  pages={391--407},
  year={1990}
}

@article{Recht2011,
  title={Hogwild: A lock-free approach to parallelizing stochastic gradient descent},
  author={Recht, Benjamin and Re, Christopher and Wright, Stephen and Niu, Feng},
  journal={NIPS},
  pages={693--701},
  year={2011}
}

@article{Bennett2007,
  title={The netflix prize},
  author={Bennett, James and Lanning, Stan and others},
  journal={KDD},
  volume={2007},
  pages={35},
  year={2007}
}

@article{Boden2017,
  title={Distributed Machine Learning-but at what COST},
  author={Boden, Christoph and Rabl, Tilmann and Markl, Volker},
  jouranl={Machine Learning Systems Workshop at NIPS},
  year={2017}
}


@article{Mcsherry2015,
  title={Scalability! but at what COST?},
  author={McSherry, Frank and Isard, Michael and Murray, Derek Gordon},
  journal={HotOS},
  volume={15},
  pages={14--14},
  year={2015}
}


@article{Shindler2011,
  title={Fast and accurate k-means for large datasets},
  author={Shindler, Michael and Wong, Alex and Meyerson, Adam W},
  journal={NIPS},
  pages={2375--2383},
  year={2011}
}

@article{Ostrovsky2012,
  title={The effectiveness of Lloyd-type methods for the k-means problem},
  author={Ostrovsky, Rafail and Rabani, Yuval and Schulman, Leonard J and Swamy, Chaitanya},
  journal={Journal of the ACM},
  volume={59},
  number={6},
  pages={28},
  year={2012}
}

@article{Sarwar2001,
  title={Item-based collaborative filtering recommendation algorithms},
  author={Sarwar, Badrul and Karypis, George and Konstan, Joseph and Riedl, John},
  journal={WWW},
  pages={285--295},
  year={2001}
}

@book{Mccandless2010,
  title={Lucene in action},
  author={McCandless, Michael and Hatcher, Erik and Gospodnetic, Otis},
  year={2010},
  publisher={Manning Publications}
}

@book{Owen2012,
  title={Mahout in action},
  author={Owen, Sean and Anil, Robin and Dunning, Ted and Friedman, Ellen},
  year={2012},
  publisher={Manning Publications}
}


@article{Chu2007,
  title={Map-reduce for machine learning on multicore},
  author={Chu, Cheng-Tao and Kim, Sang K and Lin, Yi-An and Yu, YuanYuan and Bradski, Gary and Olukotun, Kunle and Ng, Andrew Y},
  journal={NIPS},
  pages={281--288},
  year={2007}
}

@book{Dunning2014,
  title={Practical Machine Learning: Innovations in Recommendation},
  author={Dunning, Ted and Friedman, Ellen},
  year={2014},
  publisher={O'Reilly Media}
}

@article{Zhou2008,
  title={Large-scale parallel collaborative filtering for the netflix prize},
  author={Zhou, Yunhong and Wilkinson, Dennis and Schreiber, Robert and Pan, Rong},
  journal={International Conference on Algorithmic Applications in Management},
  pages={337--348},
  year={2008},
  organization={Springer}
}

@article{Alexandrov2014,
  title={The Stratosphere platform for big data analytics},
  author={Alexandrov, Alexander and Bergmann, Rico and Ewen, Stephan and Freytag, Johann-Christoph and Hueske, Fabian and Heise, Arvid and Kao, Odej and Leich, Marcus and Leser, Ulf and Markl, Volker and others},
  journal={The VLDB Journal},
  volume={23},
  number={6},
  pages={939--964},
  year={2014},
  publisher={Springer}
}

@article{Zaharia2012,
  title={Resilient distributed datasets: A fault-tolerant abstraction for in-memory cluster computing},
  author={Zaharia, Matei and Chowdhury, Mosharaf and Das, Tathagata and Dave, Ankur and Ma, Justin and McCauley, Murphy and Franklin, Michael J and Shenker, Scott and Stoica, Ion},
  journal={NDSI},
  year={2012}
}

@phdthesis{Halko2012,
  title={Randomized methods for computing low-rank approximations of matrices},
  author={Halko, Nathan P},
  year={2012},
  school={University of Colorado}
}

@online{H2O,
  author = {H2o},
  title = {H2o Prediction Engine, http://www.h2o.ai/},
  url = {http://www.h2o.ai/}
}

@article{Rennie2003,
  title={Tackling the poor assumptions of naive bayes text classifiers},
  author={Rennie, Jason D and Shih, Lawrence and Teevan, Jaime and Karger, David R},
  journal={ICML},
  pages={616--623},
  year={2003}
}

@article{Mccallum2000,
  title={Efficient clustering of high-dimensional data sets with application to reference matching},
  author={McCallum, Andrew and Nigam, Kamal and Ungar, Lyle H},
  booktitle={KDD},
  pages={169--178},
  year={2000}
}


@article{Schelter2013,
  title={Distributed matrix factorization with mapreduce using a series of broadcast-joins},
  author={Schelter, Sebastian and Boden, Christoph and Schenck, Martin and Alexandrov, Alexander and Markl, Volker},
  journal={RecSys},
  pages={281--284},
  year={2013}
}

@article{SchelterOwen2012,
  title={Collaborative filtering with apache mahout},
  author={Schelter, Sebastian and Owen, Sean},
  journal={Recommender Systems Challenge workshop at RecSys},
  year={2012}
}

@article{Schelter2012,
  title={Scalable similarity-based neighborhood methods with mapreduce},
  author={Schelter, Sebastian and Boden, Christoph and Markl, Volker},
  journal={RecSys},
  pages={163--170},
  year={2012}
}

@article{Dunning1993,
  title={Accurate methods for the statistics of surprise and coincidence},
  author={Dunning, Ted},
  journal={Computational Linguistics},
  volume={19},
  number={1},
  pages={61--74},
  year={1993}
}

@article{Alexandrov2014,
  title={The stratosphere platform for big data analytics},
  author={Alexandrov, Alexander and Bergmann, Rico and Ewen, Stephan and Freytag, Johann-Christoph and Hueske, Fabian and Heise, Arvid and Kao, Odej and Leich, Marcus and Leser, Ulf and Markl, Volker and others},
  journal={VLDB Journal},
  volume={23},
  number={6},
  pages={939--964},
  year={2014}
}

@book{Lyubimov2016,
  title={Apache Mahout: Beyond MapReduce},
  author={Lyubimov, Dmitriy and Palumbo, Andrew},
  year={2016},
  publisher={CreateSpace Independent Publishing Platform}
}

@article{Schelter2016,
  title={Samsara: Declarative machine learning on distributed dataflow systems},
  author={Schelter, Sebastian and Palumbo, Andrew and Quinn, Shannon and Marthi, Suneel and Musselman, Andrew},
  journal={Machine Learning Systems workshop at NIPS},
  year={2016}
}
